%%%%%%%%%%%%%%%%%%%%%%%%%%%%%%%%%%%%%%%%%%%%%%%%%%%%%%%%%%%%%%%%%%
%% Books and Articles

@Article{ROI:Alizadeh+Goldfarb:2003,
  title={Second-order Cone Programming},
  author={Alizadeh, F. and Goldfarb, D.},
  journal={Mathematical programming},
  volume={95},
  number={1},
  pages={3--51},
  year={2003},
  publisher={Springer}
}

@Book{ROI:Chambers+Hastie:1991,
  author = 	 {John M. Chambers and Trevor J. Hastie},
  title = 	 {Statistical Models in S},
  publisher = 	 {{CRC} Press},
  year = 	 1991}

@Article{Atamtuerk+Savelsberg:2005,
  author = {Atamt{\"u}rk, A. and Savelsbergh, M.W.P.},
  title = {Integer-Programming Software Systems},
  journal = {Annals of Operations Research},
  year = {2005},
  volume = {140},
  pages = {67--124},
  number = {1},
}

@Article{ROI:Linderoth+Ralphs:2006,
  title       = {Noncommercial Software for Mixed-integer Linear Programming},
  author      = {Linderoth, J.T. and Ralphs, T.K.},
  journal     = {Integer Programming: Theory and Practice},
  pages       = {253},
  year        = {2006},
  publisher   = {CRC Press}
}

@Article{ROI:Lobo_et_al:1998,
  title       = {Applications of Second-order Cone Programming},
  author      = {Miguel Sousa Lobo and Lieven Vandenberghe and Stephen Boyd and Herv\'e Lebret},
  journal     = {Linear Algebra and its Applications},
  volume      = {284},
  number      = {1--3},
  pages       = {193--228},
  year        = {1998},
}

@Misc{ROI:Theussl:2009,
  author       = {Stefan Theussl},
  title        = {{CRAN} Task View: Optimization and Mathematical Programming},
  year         = 2009,
  url          = {http://cran.at.r-project.org/view=Optimization}
}


%%%%%%%%%%%%%%%%%%%%%%%%%%%%%%%%%%%%%%%%%%%%%%%%%%%%%%%%%%%%%%%%%%
%% Package citations: entries sorted by last name of first author

@Manual{ROI:Berkelaar:2008,
    title = {lp{S}olve: Interface to lp\_solve v. 5.5 to solve linear/integer programs},
    author = {Michel Berkelaar},
    year = {2008},
    note = {R package version 5.6.4},
  }

@Manual{ROI:Bravo:2009,
  title = {Rcsdp: R interface to the {CSDP} semidefinite programming library},
  author = {Hector Corrada Bravo},
  year = {2009},
  note = {R package version 0.1-4},
  url = {http://CRAN.R-project.org/package=Rcsdp},
}

@Manual{ROI:Bravo+Theussl:2009,
  title = {Rcplex: R interface to CPLEX},
  author = {Hector Corrada Bravo and Stefan Theussl},
  year = {2009},
  note = {R package version 0.2-2},
  url = {http://R-Forge.R-project.org/projects/rcplex},
}

@Manual{ROI:Chalabi+Wuertz:2008,
  title = {Rsocp: An R extenstion library to use SOCP from R.},
  author = {Yohan Chalabi and Diethelm Wuertz},
  year = {2008},
  note = {R package version 271.1/r3690},
  url = {http://R-Forge.R-project.org/projects/rmetrics/},
}

@Manual{ROI:Harter_et_al:2009,
  title = {Rsymphony: Symphony in R},
  author = {Reinhard Harter and Kurt Hornik and Stefan Theussl},
  year = {2009},
  note = {R package version 0.1-9},
  url = {http://CRAN.R-project.org/package=Rsymphony},
}

@Manual{ROI:Hornik:2009,
  title = {{c}lue: Cluster ensembles},
  author = {Kurt Hornik},
  year = {2009},
  note = {R package version 0.3-31},
  url = {http://CRAN.R-project.org/package=clue},
}

@Manual{ROI:Konis:2009,
  title = {lpSolveAPI: Interface to lp\_solve 5.5.0.14},
  author = {Kjell Konis},
  year = 2009,
  note = {R package version 5.5.0.14},
}

@Manual{ROI:Meyer_et_al:2009,
  title = {{s}ets: Sets, Generalized Sets, and Customizable Sets},
  author = {David Meyer and Kurt Hornik and Christian Buchta},
  year = {2009},
  note = {R package version 1.0},
}

@Manual{ROI:Nielsen+Mortensen:2009,
  title = {ucminf: General-purpose unconstrained non-linear optimization},
  author = {Hans Bruun Nielsen and Stig Bousgaard Mortensen},
  year = {2009},
  note = {R package version 1.0-5},
}

@Manual{ROI:Novomestky:2008,
  title = {goalprog: Weighted and lexicographical goal programming and optimization},
  author = {Frederick Novomestky},
  year = {2008},
  note = {R package version 1.0-2},
}

@Manual{ROI:Tamura:2007,
  title = {Rdonlp2: an R extension library to use Peter Spelluci's {DONLP2} from R.},
  author = {Ryuichi Tamura},
  year = {2007},
  note = {R package version 0.3-1},
  url = {http://arumat.net/Rdonlp2/},
}

@Manual{ROI:Theussl+Hornik:2009,
  title = {Rglpk: {R/GNU} Linear Programming Kit Interface},
  author = {Stefan Theussl and Kurt Hornik},
  year = {2009},
  note = {R package version 0.3-2},
  url = {http://R-Forge.R-project.org/projects/rglp/, http://www.gnu.org/software/glpk/},
}

@Manual{ROI:Varadhan+Gilbert:2009,
  author = {Ravi Varadhan and Paul D. Gilbert},
  year = {2009},
  title = {BB: An R package of Barzilai-Borwein spectral methods for solving 
    and optimizing large-scale nonlinear systems},
  note = {R package version 2009.6-1}
}

@Manual{ROI:Weingessel:2007,
    title = {quadprog: Functions to solve Quadratic Programming Problems.},
    author = {Andreas Weingessel},
    year = {2007},
    note = {R package version 1.4-11},
}

%%%%%%%%%%%%%%%%%%%%%%%%%%%%%%%%%%%%%%%%%%%%%%%%%%%%%%%%%%%%%%%%%%
%% Software citations: entries sorted by last name of first author

@Manual{ROI:ILOG:2009,
  author       = {{ILOG}},
  title	       = {{ILOG CPLEX} Callable Library {C API 12.1} Reference Manual},
  year	       = 2009
}

@Manual{ROI:Makhorin:2009,
  title     = {GNU Linear Programming Kit Reference Manual Version 4.39},
  author    = {Andrew Makhorin},
  year      = {2009},
  url       = {http://www.gnu.org/software/glpk}
}

@Manual{ROI:Rcore:2010,
  title        = {R: A Language and Environment for Statistical Computing},
  author       = {{R Development Core Team}},
  organization = {R Foundation for Statistical Computing},
  address      = {Vienna, Austria},
  year         = 2010,
  note         = {{ISBN} 3-900051-07-0},
  url          = {http://www.R-project.org}
}

@Manual{ROI:SYMPHONY:Ralphs+Guzelsoy:2009,
  title        = {SYMPHONY 5.2.0 User's Manual},
  author       = {T.K. Ralphs and M. G\"uzelsoy},
  organization = {Department of Industrial and Systems Engineering, Lehigh University},
  year         = {2009},
  url          = {http://www.coin-or.org/SYMPHONY/man-5.2/}
}

@article{ROI:SYMPHONY:Ralphs+Guzelsoy:2005,
  title={The SYMPHONY Callable Library for Mixed Integer Programming},
  author={ T.K. Ralphs and M. G\"uzelsoy},
  journal={The Proceedings of the Ninth Conference of the {INFORMS} Computing Society},
  year={2005},
  publisher={Springer}
}


@misc{OSI:Saltzman:2006,
  title={Open Solver Interface},
  author={M. Saltzman and others},
  year={2006}
}

