@book{BertsimasFreund2000,
    title     = {Data, Models, and Decisions: The Fundamentals of Management Science},
    author    = {Dimitris Bertsimas and Robert M. Freund},
    year      = {2000},
    edition   = {1st},
    publisher = {South-Western College Publishing}
}